@article{lourens2023hierarchical,
  title={Hierarchical quantum circuit representations for neural architecture search},
  author={Lourens, Matt and Sinayskiy, Ilya and Park, Daniel K and Blank, Carsten and Petruccione, Francesco},
  journal={npj Quantum Information},
  volume={9},
  number={1},
  pages={79},
  year={2023},
  publisher={Nature Publishing Group UK London}
}


@article{McClean2018Nov,
	author = {McClean, Jarrod R. and Boixo, Sergio and Smelyanskiy, Vadim N. and Babbush, Ryan and Neven, Hartmut},
	title = {{Barren plateaus in quantum neural network training landscapes}},
	journal = {Nat. Commun.},
	volume = {9},
	number = {4812},
	pages = {1--6},
	year = {2018},
	month = nov,
	issn = {2041-1723},
	publisher = {Nature Publishing Group},
	doi = {10.1038/s41467-018-07090-4}
}

@article{Pesah2021Oct,
	author = {Pesah, Arthur and Cerezo, M. and Wang, Samson and Volkoff, Tyler and Sornborger, Andrew T. and Coles, Patrick J.},
	title = {{Absence of Barren Plateaus in Quantum Convolutional Neural Networks}},
	journal = {Phys. Rev. X},
	volume = {11},
	number = {4},
	pages = {041011},
	year = {2021},
	month = oct,
	issn = {2160-3308},
	publisher = {American Physical Society},
	doi = {10.1103/PhysRevX.11.041011}
}

@article{elsken2019neural,
  title={Neural architecture search: A survey},
  author={Elsken, Thomas and Metzen, Jan Hendrik and Hutter, Frank},
  journal={The Journal of Machine Learning Research},
  volume={20},
  number={1},
  pages={1997--2017},
  year={2019},
  publisher={JMLR. org}
}

@article{Cong2019Dec,
	author = {Cong, Iris and Choi, Soonwon and Lukin, Mikhail D.},
	title = {{Quantum convolutional neural networks}},
	journal = {Nat. Phys.},
	volume = {15},
	pages = {1273--1278},
	year = {2019},
	month = dec,
	issn = {1745-2481},
	publisher = {Nature Publishing Group},
	doi = {10.1038/s41567-019-0648-8}
}

@misc{github_hierarqcal,
	author = {matt-lourens},
	title = {{hierarqcal}},
	journal = {GitHub},
	year = {2024},
	month = feb,
	note = {[Online; accessed 10. Feb. 2024]},
	url = {https://github.com/matt-lourens/hierarqcal?tab=readme-ov-file}
}

@article{Hur2022Jun,
	author = {Hur, Tak and Kim, Leeseok and Park, Daniel K.},
	title = {{Quantum convolutional neural network for classical data classification}},
	journal = {Quantum Mach. Intell.},
	volume = {4},
	number = {1},
	pages = {1--18},
	year = {2022},
	month = jun,
	issn = {2524-4914},
	publisher = {Springer International Publishing},
	doi = {10.1007/s42484-021-00061-x}
}

@misc{GTZAN_kaggle,
	title = {{GTZAN Dataset - Music Genre Classification}},
	note = {[Online; accessed 27. Mar. 2024]},
	url = {https://www.kaggle.com/datasets/andradaolteanu/gtzan-dataset-music-genre-classification?resource=download}
}

@misc{vqc_tut,
	title = {{Building a Variational Quantum Classifier {$\vert$} Q-munity Tutorials}},
	note = {[Online; accessed 27. Mar. 2024]},
	url = {https://www.qmunity.tech/tutorials/building-a-variational-quantum-classifier}
}

@article{pennylane,
  title={Pennylane: Automatic differentiation of hybrid quantum-classical computations},
  author={Bergholm, Ville and Izaac, Josh and Schuld, Maria and Gogolin, Christian and Ahmed, Shahnawaz and Ajith, Vishnu and Alam, M Sohaib and Alonso-Linaje, Guillermo and AkashNarayanan, B and Asadi, Ali and others},
  journal={arXiv preprint arXiv:1811.04968},
  year={2018}
}

@misc{gtzan_tzanetakis_essl_cook_2001,
author    = "Tzanetakis, George and Essl, Georg and Cook, Perry",
title     = "Automatic Musical Genre Classification Of Audio Signals",
url       = "http://ismir2001.ismir.net/pdf/tzanetakis.pdf",
publisher = "The International Society for Music Information Retrieval",
year      = "2001"
}

@inproceedings{mcfee2015librosa,
  title={librosa: Audio and music signal analysis in python.},
  author={McFee, Brian and Raffel, Colin and Liang, Dawen and Ellis, Daniel PW and McVicar, Matt and Battenberg, Eric and Nieto, Oriol},
  booktitle={SciPy},
  pages={18--24},
  year={2015}
}

@article{grant2018hierarchical,
  title={Hierarchical quantum classifiers},
  author={Grant, Edward and Benedetti, Marcello and Cao, Shuxiang and Hallam, Andrew and Lockhart, Joshua and Stojevic, Vid and Green, Andrew G and Severini, Simone},
  journal={npj Quantum Information},
  volume={4},
  number={1},
  pages={65},
  year={2018},
  publisher={Nature Publishing Group UK London}
}
