@article{McClean2018Nov,
	author = {McClean, Jarrod R. and Boixo, Sergio and Smelyanskiy, Vadim N. and Babbush, Ryan and Neven, Hartmut},
	title = {{Barren plateaus in quantum neural network training landscapes}},
	journal = {Nat. Commun.},
	volume = {9},
	number = {4812},
	pages = {1--6},
	year = {2018},
	month = nov,
	issn = {2041-1723},
	publisher = {Nature Publishing Group},
	doi = {10.1038/s41467-018-07090-4}
}

@article{Pesah2021Oct,
	author = {Pesah, Arthur and Cerezo, M. and Wang, Samson and Volkoff, Tyler and Sornborger, Andrew T. and Coles, Patrick J.},
	title = {{Absence of Barren Plateaus in Quantum Convolutional Neural Networks}},
	journal = {Phys. Rev. X},
	volume = {11},
	number = {4},
	pages = {041011},
	year = {2021},
	month = oct,
	issn = {2160-3308},
	publisher = {American Physical Society},
	doi = {10.1103/PhysRevX.11.041011}
}

@article{elsken2019neural,
  title={Neural architecture search: A survey},
  author={Elsken, Thomas and Metzen, Jan Hendrik and Hutter, Frank},
  journal={The Journal of Machine Learning Research},
  volume={20},
  number={1},
  pages={1997--2017},
  year={2019},
  publisher={JMLR. org}
}

@article{Cong2019Dec,
	author = {Cong, Iris and Choi, Soonwon and Lukin, Mikhail D.},
	title = {{Quantum convolutional neural networks}},
	journal = {Nat. Phys.},
	volume = {15},
	pages = {1273--1278},
	year = {2019},
	month = dec,
	issn = {1745-2481},
	publisher = {Nature Publishing Group},
	doi = {10.1038/s41567-019-0648-8}
}